% Encoding: UTF-8

@article{liao2005clustering,
  title={Clustering of time series data—a survey},
  author={Liao, T Warren},
  journal={Pattern recognition},
  volume={38},
  number={11},
  pages={1857--1874},
  year={2005},
  publisher={Elsevier}
}

@article{zazzarro2009clustering,
author = {Zazzaro, Gaetano},
year = {2009},
month = {05},
pages = {37-45},
title = {Data Mining: esplorando le miniere alla ricerca della conoscenza nascosta. Clustering con l’algoritmo k-means},
volume = {9}
}

@inproceedings{zhu2007mining,
  title={Mining colossal frequent patterns by core pattern fusion},
  author={Zhu, Feida and Yan, Xifeng and Han, Jiawei and Philip, S Yu and Cheng, Hong},
  booktitle={2007 IEEE 23rd international conference on Data Engineering},
  pages={706--715},
  year={2007},
  organization={IEEE}
}

@Comment{jabref-meta: databaseType:biblatex;}
